@article{grice1975logic,
  title={Logic and conversation},
  author={Grice, H Paul},
  journal={1975},
  pages={41--58},
  year={1975}
}

@inproceedings{goddeau1996form,
  title={A form-based dialogue manager for spoken language applications},
  author={Goddeau, David and Meng, Helen and Polifroni, Joseph and Seneff, Stephanie and Busayapongchai, Senis},
  booktitle={Spoken Language, 1996. ICSLP 96. Proceedings., Fourth International Conference on},
  volume={2},
  pages={701--704},
  year={1996},
  organization={IEEE}
}

@article{bobrow1977gus,
  title={GUS, a frame-driven dialog system},
  author={Bobrow, Daniel G and Kaplan, Ronald M and Kay, Martin and Norman, Donald A and Thompson, Henry and Winograd, Terry},
  journal={Artificial intelligence},
  volume={8},
  number={2},
  pages={155--173},
  year={1977},
  publisher={Elsevier}
}

@inproceedings{lemon2006isu,
  title={An ISU dialogue system exhibiting reinforcement learning of dialogue policies: generic slot-filling in the TALK in-car system},
  author={Lemon, Oliver and Georgila, Kallirroi and Henderson, James and Stuttle, Matthew},
  booktitle={Proceedings of the Eleventh Conference of the European Chapter of the Association for Computational Linguistics: Posters \& Demonstrations},
  pages={119--122},
  year={2006},
  organization={Association for Computational Linguistics}
}


@article{young2013pomdp,
  title={Pomdp-based statistical spoken dialog systems: A review},
  author={Young, Steve and Ga{\v{s}}i{\'c}, Milica and Thomson, Blaise and Williams, Jason D},
  journal={Proceedings of the IEEE},
  volume={101},
  number={5},
  pages={1160--1179},
  year={2013},
  publisher={IEEE}
}

@article{dhingra2016towards,
  title={Towards end-to-end reinforcement learning of dialogue agents for information access},
  author={Dhingra, Bhuwan and Li, Lihong and Li, Xiujun and Gao, Jianfeng and Chen, Yun-Nung and Ahmed, Faisal and Deng, Li},
  journal={arXiv preprint arXiv:1609.00777},
  year={2016}
}


@inproceedings{chen2009aist,
  title={Aist, G., Mostow, J.: Generating questions automatically from informational text},
  author={Chen, Wei},
  booktitle={Proceedings of the 2nd Workshop on Question Generation (AIED 2009)},
  pages={17--24},
  year={2009}
}

@article{bandler1975structure,
  title={Structure of Magic: A Book about Language \& Therapy, Science and Behaviour Books},
  author={Bandler, Richard and Grinder, John},
  journal={Palo Alto, CA},
  year={1975}
}

@book{o2011introducing,
  title={Introducing NLP: Psychological skills for understanding and influencing people},
  author={O'Connor, Joseph and Seymour, John},
  year={2011},
  publisher={Conari Press}
}

@inproceedings{asaduzzaman2013answering,
  title={Answering questions about unanswered questions of stack overflow},
  author={Asaduzzaman, Muhammad and Mashiyat, Ahmed Shah and Roy, Chanchal K and Schneider, Kevin A},
  booktitle={Proceedings of the 10th Working Conference on Mining Software Repositories},
  pages={97--100},
  year={2013},
  organization={IEEE Press}
}

@book{robertson2009probabilistic,
  title={The probabilistic relevance framework: BM25 and beyond},
  author={Robertson, Stephen and Zaragoza, Hugo},
  year={2009},
  publisher={Now Publishers Inc}
}

@inproceedings{artzi2011bootstrapping,
  title={Bootstrapping semantic parsers from conversations},
  author={Artzi, Yoav and Zettlemoyer, Luke},
  booktitle={Proceedings of the conference on empirical methods in natural language processing},
  pages={421--432},
  year={2011},
  organization={Association for Computational Linguistics}
}

@article{serban2015building,
  title={Building end-to-end dialogue systems using generative hierarchical neural network models},
  author={Serban, Iulian V and Sordoni, Alessandro and Bengio, Yoshua and Courville, Aaron and Pineau, Joelle},
  journal={arXiv preprint arXiv:1507.04808},
  year={2015}
}

@article{liu2016not,
  title={How NOT to evaluate your dialogue system: An empirical study of unsupervised evaluation metrics for dialogue response generation},
  author={Liu, Chia-Wei and Lowe, Ryan and Serban, Iulian V and Noseworthy, Michael and Charlin, Laurent and Pineau, Joelle},
  journal={arXiv preprint arXiv:1603.08023},
  year={2016}
}

@article{kannan2017adversarial,
  title={Adversarial evaluation of dialogue models},
  author={Kannan, Anjuli and Vinyals, Oriol},
  journal={arXiv preprint arXiv:1701.08198},
  year={2017}
}

@inproceedings{nair2010rectified,
  title={Rectified linear units improve restricted boltzmann machines},
  author={Nair, Vinod and Hinton, Geoffrey E},
  booktitle={Proceedings of the 27th international conference on machine learning (ICML-10)},
  pages={807--814},
  year={2010}
}

@inproceedings{paek2001empirical,
  title={Empirical methods for evaluating dialog systems},
  author={Paek, Tim},
  booktitle={Proceedings of the workshop on Evaluation for Language and Dialogue Systems-Volume 9},
  pages={2},
  year={2001},
  organization={Association for Computational Linguistics}
}

@inproceedings{vanderwende2008importance,
  title={The importance of being important: Question generation},
  author={Vanderwende, Lucy},
  booktitle={Proceedings of the 1st Workshop on the Question Generation Shared Task Evaluation Challenge, Arlington, VA},
  year={2008}
}

@phdthesis{heilman2011automatic,
  title={Automatic factual question generation from text},
  author={Heilman, Michael},
  year={2011},
  school={Carnegie Mellon University}
}

@article{hovy1987generating,
  title={Generating natural language under pragmatic constraints},
  author={Hovy, Eduard},
  journal={Journal of Pragmatics},
  volume={11},
  number={6},
  pages={689--719},
  year={1987},
  publisher={Elsevier}
}

@inproceedings{penas2010filling,
  title={Filling knowledge gaps in text for machine reading},
  author={Penas, Anselmo and Hovy, Eduard},
  booktitle={Proceedings of the 23rd International Conference on Computational Linguistics: Posters},
  pages={979--987},
  year={2010},
  organization={Association for Computational Linguistics}
}

@article{olney2012question,
  title={Question Generation from Concept Maps.},
  author={Olney, Andrew McGregor and Graesser, Arthur C and Person, Natalie K},
  journal={D\&D},
  volume={3},
  number={2},
  pages={75--99},
  year={2012}
}

@inproceedings{labutov2015deep,
  title={Deep Questions without Deep Understanding.},
  author={Labutov, Igor and Basu, Sumit and Vanderwende, Lucy},
  booktitle={ACL (1)},
  pages={889--898},
  year={2015}
}

@inproceedings{liu2010automatic,
  title={Automatic question generation for literature review writing support},
  author={Liu, Ming and Calvo, Rafael A and Rus, Vasile},
  booktitle={International Conference on Intelligent Tutoring Systems},
  pages={45--54},
  year={2010},
  organization={Springer}
}

@article{mostafazadeh2016generating,
  title={Generating natural questions about an image},
  author={Mostafazadeh, Nasrin and Misra, Ishan and Devlin, Jacob and Mitchell, Margaret and He, Xiaodong and Vanderwende, Lucy},
  journal={arXiv preprint arXiv:1603.06059},
  year={2016}
}

@inproceedings{rus2011question,
  title={Question generation shared task and evaluation challenge: Status report},
  author={Rus, Vasile and Piwek, Paul and Stoyanchev, Svetlana and Wyse, Brendan and Lintean, Mihai and Moldovan, Cristian},
  booktitle={Proceedings of the 13th European Workshop on Natural Language Generation},
  pages={318--320},
  year={2011},
  organization={Association for Computational Linguistics}
}


@article{mikolov2013efficient,
  title={Efficient estimation of word representations in vector space},
  author={Mikolov, Tomas and Chen, Kai and Corrado, Greg and Dean, Jeffrey},
  journal={arXiv preprint arXiv:1301.3781},
  year={2013}
}

@inproceedings{ravichandran2002learning,
  title={Learning surface text patterns for a question answering system},
  author={Ravichandran, Deepak and Hovy, Eduard},
  booktitle={Proceedings of the 40th annual meeting on association for computational linguistics},
  pages={41--47},
  year={2002},
  organization={Association for Computational Linguistics}
}

@inproceedings{riloff1996automatically,
  title={Automatically generating extraction patterns from untagged text},
  author={Riloff, Ellen},
  booktitle={Proceedings of the national conference on artificial intelligence},
  pages={1044--1049},
  year={1996}
}

@article{andreas2016reasoning,
  title={Reasoning about pragmatics with neural listeners and speakers},
  author={Andreas, Jacob and Klein, Dan},
  journal={arXiv preprint arXiv:1604.00562},
  year={2016}
}

@inproceedings{orita2015discourse,
  title={Why discourse affects speakers' choice of referring expressions.},
  author={Orita, Naho and Vornov, Eliana and Feldman, Naomi and Daum{\'e} III, Hal},
  booktitle={ACL (1)},
  pages={1639--1649},
  year={2015}
}

@inproceedings{smith2013learning,
  title={Learning and using language via recursive pragmatic reasoning about other agents},
  author={Smith, Nathaniel J and Goodman, Noah and Frank, Michael},
  booktitle={Advances in neural information processing systems},
  pages={3039--3047},
  year={2013}
}

@inproceedings{golland2010game,
  title={A game-theoretic approach to generating spatial descriptions},
  author={Golland, Dave and Liang, Percy and Klein, Dan},
  booktitle={Proceedings of the 2010 conference on empirical methods in natural language processing},
  pages={410--419},
  year={2010},
  organization={Association for Computational Linguistics}
}

@inproceedings{xiang2013enlisting,
  title={Enlisting the ghost: Modeling empty categories for machine translation},
  author={Xiang, Bing and Luo, Xiaoqiang and Zhou, Bowen},
  booktitle={In ACL},
  year={2013},
  organization={Citeseer}
}

@inproceedings{le2010aiding,
  title={Aiding pronoun translation with co-reference resolution},
  author={Le Nagard, Ronan and Koehn, Philipp},
  booktitle={Proceedings of the Joint Fifth Workshop on Statistical Machine Translation and MetricsMATR},
  pages={252--261},
  year={2010},
  organization={Association for Computational Linguistics}
}

@inproceedings{hardmeier2010modelling,
  title={Modelling pronominal anaphora in statistical machine translation},
  author={Hardmeier, Christian and Federico, Marcello},
  booktitle={Proceedings of the International Workshop on Spoken Language Translation},
  pages={283--289},
  year={2010}
}

@inproceedings{chahuneau2013translating,
  title={Translating into morphologically rich languages with synthetic phrases},
  author={Chahuneau, Victor and Schlinger, Eva and Smith, Noah A and Dyer, Chris},
  booktitle={In EMNLP},
  year={2013},
  publisher={Citeseer}
}

@article{daume2009search,
  title={Search-based structured prediction},
  author={Daum{\'e} III, Hal and Langford, John and Marcu, Daniel},
  journal={Machine learning},
  volume={75},
  number={3},
  pages={297--325},
  year={2009},
  publisher={Springer}
}

@misc{langford2007vowpal,
  title={Vowpal wabbit online learning project},
  author={Langford, John and Li, Lihong and Strehl, Alexander},
  year={2007},
}

@misc{lasagne,
  author       = {Sander Dieleman and
                  Jan Schluter and
                  Colin Raffel and
                  Eben Olson and
                  Soren Kaae Sonderby and
                  Daniel Nouri and
                  others},
  title        = {Lasagne: First release.},
  month        = aug,
  year         = 2015,
  doi          = {10.5281/zenodo.27878},
  url          = {http://dx.doi.org/10.5281/zenodo.27878}
}


@article{daume2014efficient,
  title={Efficient programmable learning to search},
  author={Daum{\'e} III, Hal and Langford, John and Ross, Stephane},
  journal={arXiv preprint arXiv:1406.1837},
  year={2014}
}

@article{chiang2007hierarchical,
  title={Hierarchical phrase-based translation},
  author={Chiang, David},
  journal={computational linguistics},
  volume={33},
  number={2},
  pages={201--228},
  year={2007},
  publisher={MIT Press}
}

@inproceedings{cai2011language,
  title={Language-independent parsing with empty elements},
  author={Cai, Shu and Chiang, David and Goldberg, Yoav},
  booktitle={Proceedings of the 49th Annual Meeting of the Association for Computational Linguistics: Human Language Technologies: short papers-Volume 2},
  pages={212--216},
  year={2011},
  organization={Association for Computational Linguistics}
}

@inproceedings{och2000improved,
  title={Improved statistical alignment models},
  author={Och, Franz Josef and Ney, Hermann},
  booktitle={Proceedings of the 38th Annual Meeting on Association for Computational Linguistics},
  pages={440--447},
  year={2000},
  organization={Association for Computational Linguistics}
}

@inproceedings{koehn2003statistical,
  title={Statistical phrase-based translation},
  author={Koehn, Philipp and Och, Franz Josef and Marcu, Daniel},
  booktitle={Proceedings of the 2003 Conference of the North American Chapter of the Association for Computational Linguistics on Human Language Technology-Volume 1},
  pages={48--54},
  year={2003},
  organization={Association for Computational Linguistics}
}

@article{eidelman2013mr,
  title={Mr. MIRA: Open-Source Large-Margin Structured Learning on {M}ap{R}educe},
  author={Eidelman, Vladimir and Wu, Ke and Ture, Ferhan and Resnik, Philip and Lin, Jimmy},
  journal={ACL 2013},
  pages={199},
  year={2013},
  publisher={Citeseer}
}

@inproceedings{stolcke2002srilm,
  title={SRILM-an extensible language modeling toolkit.},
  author={Stolcke, Andreas and others},
  booktitle={INTERSPEECH},
  year={2002}
}

@inproceedings{finkel2005incorporating,
  title={Incorporating non-local information into information extraction systems by {G}ibbs sampling},
  author={Finkel, Jenny Rose and Grenager, Trond and Manning, Christopher},
  booktitle={Proceedings of the 43rd Annual Meeting on Association for Computational Linguistics},
  pages={363--370},
  year={2005},
  organization={Association for Computational Linguistics}
}

@inproceedings{dyer2010cdec,
  title={cdec: A decoder, alignment, and learning framework for finite-state and context-free translation models},
  author={Dyer, Chris and Weese, Jonathan and Setiawan, Hendra and Lopez, Adam and Ture, Ferhan and Eidelman, Vladimir and Ganitkevitch, Juri and Blunsom, Phil and Resnik, Philip},
  booktitle={Proceedings of the ACL 2010 System Demonstrations},
  pages={7--12},
  year={2010},
  organization={Association for Computational Linguistics}
}

@inproceedings{papineni2002bleu,
  title={BLEU: a method for automatic evaluation of machine translation},
  author={Papineni, Kishore and Roukos, Salim and Ward, Todd and Zhu, Wei-Jing},
  booktitle={Proceedings of the 40th annual meeting on association for computational linguistics},
  pages={311--318},
  year={2002},
  organization={Association for Computational Linguistics}
}

@inproceedings{toutanova2003feature,
  title={Feature-rich part-of-speech tagging with a cyclic dependency network},
  author={Toutanova, Kristina and Klein, Dan and Manning, Christopher D and Singer, Yoram},
  booktitle={Proceedings of the 2003 Conference of the North American Chapter of the Association for Computational Linguistics on Human Language Technology-Volume 1},
  pages={173--180},
  year={2003},
  organization={Association for Computational Linguistics}
}

@inproceedings{chung2010effects,
  title={Effects of empty categories on machine translation},
  author={Chung, Tagyoung and Gildea, Daniel},
  booktitle={Proceedings of the 2010 Conference on Empirical Methods in Natural Language Processing},
  pages={636--645},
  year={2010},
  organization={Association for Computational Linguistics}
}

@article{mayol2010pronouns,
  title={Pronouns in {C}atalan: Games of partial information and the use of linguistic resources},
  author={Mayol, Laia and Clark, Robin},
  journal={Journal of pragmatics},
  volume={42},
  number={3},
  pages={781--799},
  year={2010},
  publisher={Elsevier}
}

@article{wang1992null,
  title={Null subject versus null object: Some evidence from the acquisition of {C}hinese and {E}nglish},
  author={Wang, Qi and Lillo-Martin, Diane and Best, Catherine T and Levitt, Andrea},
  journal={Language acquisition},
  volume={2},
  number={3},
  pages={221--254},
  year={1992},
  publisher={Taylor \& Francis}
}

@phdthesis{carminati2002processing,
  title={The processing of {I}talian subject pronouns},
  author={Carminati, Maria Nella},
  year={2002},
  school={University of Massachusetts at Amherst}
}

@phdthesis{cameron1992pronominal,
  title={Pronominal and null subject variation in {S}panish: Constraints, dialects, and functional compensation},
  author={Cameron, Richard},
  year={1992},
  school={University of Pennsylvania}
}

@article{eckert2000dialogue,
  title={Dialogue acts, synchronizing units, and anaphora resolution},
  author={Eckert, Miriam and Strube, Michael},
  journal={Journal of Semantics},
  volume={17},
  number={1},
  pages={51--89},
  year={2000},
  publisher={Oxford Univ Press}
}

@inproceedings{lin2004automatic,
  title={Automatic evaluation of machine translation quality using longest common subsequence and skip-bigram statistics},
  author={Lin, Chin-Yew and Och, Franz Josef},
  booktitle={Proceedings of the 42nd Annual Meeting on Association for Computational Linguistics},
  pages={605},
  year={2004},
  organization={Association for Computational Linguistics}
}

@inproceedings{chenchinese,
  title={Chinese Zero Pronoun Resolution: An Unsupervised Probabilistic Model Rivaling Supervised Resolvers},
  author={Chen, Chen and Ng, Vincent},
  booktitle={Proceedings of the 2014 Conference on Empirical Methods in Natural Language Processing},
  year={2014},
  organization={Association for Computational Linguistics}
}

@article{grosz1995centering,
  title={Centering: A framework for modeling the local coherence of discourse},
  author={Grosz, Barbara J and Weinstein, Scott and Joshi, Aravind K},
  journal={Computational linguistics},
  volume={21},
  number={2},
  pages={203--225},
  year={1995},
  publisher={MIT Press}
}

@article{alonso2002null,
  title={Null vs. overt pronouns and the topic-focus articulation in {S}panish},
  author={Alonso-Ovalle, Luis and Fern{\'a}ndez-Solera, Susana and Frazier, Lyn and Clifton, Charles},
  journal={Journal of Italian Linguistics},
  volume={14},
  pages={151--170},
  year={2002},
  publisher={PACINI}
}

@article{kweon2011processing,
  title={Processing Null and Overt Pronoun Subject in Ambiguous Sentences in {K}orean},
  author={Kweon, Soo-Ok},
  journal={International Journal of Linguistics},
  volume={3},
  number={1},
  year={2011}
}

@inproceedings{kong2010tree,
  title={A tree kernel-based unified framework for {C}hinese zero anaphora resolution},
  author={Kong, Fang and Zhou, Guodong},
  booktitle={Proceedings of the 2010 Conference on Empirical Methods in Natural Language Processing},
  pages={882--891},
  year={2010},
  organization={Association for Computational Linguistics}
}

@inproceedings{zhao2007identification,
  title={Identification and Resolution of {C}hinese Zero Pronouns: A Machine Learning Approach.},
  author={Zhao, Shanheng and Ng, Hwee Tou},
  booktitle={Proceedings of the 2007 Joint Conference on Empirical Methods on Natural Language Processing and Computational Natural Language Learning},
  pages={541--550},
  year={2007}
}

@inproceedings{chen2013chinese,
  title={Chinese Zero Pronoun Resolution: Some Recent Advances.},
  author={Chen, Chen and Ng, Vincent},
  booktitle={Proceedings of the 2013 Conference on Empirical Methods in Natural Language Processing},
  pages={1360--1365},
  year={2013}
}

@article{yeh2007zero,
  title={Zero Anaphora Resolution in {C}hinese with Shallow Parsing.},
  author={Yeh, Ching-Long and Chen, Yi-Chun},
  journal={Journal of Chinese Language and Computing},
  volume={17},
  number={1},
  pages={41--56},
  year={2007}
}

@inproceedings{ross11dagger,
  title = {A Reduction of Imitation Learning and Structured Prediction to No-Regret Online Learning},
  author = {St\'ephane Ross and Geoff J. Gordon and J. Andrew Bagnell},
  booktitle = {Proceedings of the Workshop on Artificial Intelligence and Statistics (AIStats)},
  year = {2011}
}

@book{wals,
  editor =    {Martin Haspelmath and Matthew Dryer and David Gil and Bernard Comrie},
  title =        {The World Atlas of Language Structures},
  publisher =    {Oxford University Press},
  year =         {2005},
}

@book{chincent,
  editor =    {},
  author = {Wang, Deliang},
  title =        {Anaphora Resolution in Chinese from the Centering Perspective},
  publisher =    {Foreign Language Teaching and Research Press},
  year =         {2011},
}

@inproceedings{carpuat07psd,
  author = {Marine Carpuat and Dekai Wu},
  title = {Improving statistical machine translation using word sense disambiguation},
  booktitle = {In EMNLP},
  year = {2007}
}

@inproceedings{hovy2006ontonotes,
  title={OntoNotes: the 90\% solution},
  author={Hovy, Eduard and Marcus, Mitchell and Palmer, Martha and Ramshaw, Lance and Weischedel, Ralph},
  booktitle={NAACL},
  year={2006},
}

@inproceedings{petrov2007improved,
  title={{Improved inference for unlexicalized parsing}},
  author={Petrov, S. and Klein, D.},
  booktitle={Proceedings of NAACL HLT 2007},
  pages={404--411},
  year={2007}
}

@article{rohde2014markers,
  title={Markers of Topical Discourse in Child-Directed Speech},
  author={Rohde, Hannah and Frank, Michael C},
  journal={Cognitive science},
  volume={38},
  number={8},
  pages={1634--1661},
  year={2014},
  publisher={Wiley Online Library}
}

@inproceedings{lowe2015ubuntu,
  title={The Ubuntu Dialogue Corpus: A Large Dataset for Research in Unstructured Multi-Turn Dialogue Systems},
  author={Lowe, Ryan and Pow, Nissan and Serban, Iulian V and Pineau, Joelle},
  booktitle={Special Interest Group on Discourse and Dialogue},
  year={2015}
}

@inproceedings{bahdanau2014neural,
  title={Neural machine translation by jointly learning to align and translate},
  author={Bahdanau, Dzmitry and Cho, Kyunghyun and Bengio, Yoshua},
  booktitle={International Conference on Learning Representations},
  year={2015}
}

@inproceedings{luong2015effective,
  title={Effective approaches to attention-based neural machine translation},
  author={Luong, Minh-Thang and Pham, Hieu and Manning, Christopher D},
  booktitle={Empirical Methods in Natural Language Processing},
  year={2015}
}

@article{yao2016attentional,
  title={An Attentional Neural Conversation Model with Improved Specificity},
  author={Yao, Kaisheng and Peng, Baolin and Zweig, Geoffrey and Wong, Kam-Fai},
  journal={arXiv preprint arXiv:1606.01292},
  year={2016}
}


@article{kadlec2015improved,
  title={Improved deep learning baselines for ubuntu corpus dialogs},
  author={Kadlec, Rudolf and Schmid, Martin and Kleindienst, Jan},
  journal={arXiv preprint arXiv:1510.03753},
  year={2015}
}

@article{xu2016incorporating,
  title={Incorporating Loose-Structured Knowledge into LSTM with Recall Gate for Conversation Modeling},
  author={Xu, Zhen and Liu, Bingquan and Wang, Baoxun and Sun, Chengjie and Wang, Xiaolong},
  journal={arXiv preprint arXiv:1605.05110},
  year={2016}
}

@inproceedings{serban2016hierarchical,
  title={A Hierarchical Latent Variable Encoder-Decoder Model for Generating Dialogues},
  author={Serban, Iulian Vlad and Sordoni, Alessandro and Lowe, Ryan and Charlin, Laurent and Pineau, Joelle and Courville, Aaron and Bengio, Yoshua},
  booktitle={Association for the Advancement of Artificial Intelligence},
  year={2017}
}

@article{serban2016multiresolution,
  title={Multiresolution Recurrent Neural Networks: An Application to Dialogue Response Generation},
  author={Serban, Iulian Vlad and Klinger, Tim and Tesauro, Gerald and Talamadupula, Kartik and Zhou, Bowen and Bengio, Yoshua and Courville, Aaron},
  journal={arXiv preprint arXiv:1606.00776},
  year={2016}
}

@inproceedings{huang2013learning,
  title={Learning deep structured semantic models for web search using clickthrough data},
  author={Huang, Po-Sen and He, Xiaodong and Gao, Jianfeng and Deng, Li and Acero, Alex and Heck, Larry},
  booktitle={Proceedings of the 22nd ACM international conference on Conference on information \& knowledge management},
  pages={2333--2338},
  year={2013},
  organization={ACM}
}

@article{baudivs2016sentence,
  title={Sentence Pair Scoring: Towards Unified Framework for Text Comprehension},
  author={Baudi{\v{s}}, Petr and {\v{S}}ediv{\`y}, Jan},
  journal={arXiv preprint arXiv:1603.06127},
  year={2016}
}

@inproceedings{tipping1999probabilistic,
  title={Probabilistic principal component analysis},
  author={Tipping, Michael E and Bishop, Christopher M},
  booktitle={Journal of the Royal Statistical Society: Series B (Statistical Methodology)},
  year={1999}
}

@article{ling2015character,
  title={Character-based neural machine translation},
  author={Ling, Wang and Trancoso, Isabel and Dyer, Chris and Black, Alan W},
  journal={arXiv preprint arXiv:1511.04586},
  year={2015}
}

@inproceedings{tranhierarchical,
  title={A Hierarchical Neural Model for Learning Sequences of Dialogue Acts},
  author={Tran, Quan Hung and Zukerman, Ingrid and Haffari, Gholamreza},
  booktitle={European Association for Computational Linguistics},
  year={2017}
}

@inproceedings{mi2016vocabulary,
  title={Vocabulary Manipulation for Neural Machine Translation},
  author={Mi, Haitao and Wang, Zhiguo and Ittycheriah, Abe},
  booktitle={Association for Computational Linguistics},
  year={2016}
}

@inproceedings{sennrich2015neural,
  title={Neural machine translation of rare words with subword units},
  author={Sennrich, Rico and Haddow, Barry and Birch, Alexandra},
  booktitle={Association for Computational Linguistics},
  year={2016}
}

@inproceedings{sutskever2014sequence,
  title={Sequence to sequence learning with neural networks},
  author={Sutskever, Ilya and Vinyals, Oriol and Le, Quoc V},
  booktitle={Advances in neural information processing systems},
  pages={3104--3112},
  year={2014}
}

@inproceedings{zhu2010monolingual,
  title={A monolingual tree-based translation model for sentence simplification},
  author={Zhu, Zhemin and Bernhard, Delphine and Gurevych, Iryna},
  booktitle={Proceedings of the 23rd international conference on computational linguistics},
  pages={1353--1361},
  year={2010},
  organization={Association for Computational Linguistics}
}

@inproceedings{luong2014addressing,
  title={Addressing the rare word problem in neural machine translation},
  author={Luong, Minh-Thang and Sutskever, Ilya and Le, Quoc V and Vinyals, Oriol and Zaremba, Wojciech},
  booktitle={Association for Computational Linguistics},
  year={2015}
}

@inproceedings{pennington2014glove,
  title={Glove: Global Vectors for Word Representation.},
  author={Pennington, Jeffrey and Socher, Richard and Manning, Christopher D},
  booktitle={Empirical Methods on Natural Language Processing},
  year={2014}
}

@article{kingma2014adam,
  title={Adam: A method for stochastic optimization},
  author={Kingma, Diederik and Ba, Jimmy},
  journal={arXiv preprint arXiv:1412.6980},
  year={2014}
}

@inproceedings{JeanCMB15,
  title={On Using Very Large Target Vocabulary for Neural Machine Translation},
  author={S{\'{e}}bastien Jean and
               KyungHyun Cho and
               Roland Memisevic and
               Yoshua Bengio},
  booktitle={Association for Computational Linguistics},
  year={2015}
}

@inproceedings{yin2016neural,
  title={Neural generative question answering},
  author={Yin, Jun and Jiang, Xin and Lu, Zhengdong and Shang, Lifeng and Li, Hang and Li, Xiaoming},
  booktitle={North American Association of Computational Linguistics},
  year={2016}
}

@inproceedings{rus2010first,
  title={The first question generation shared task evaluation challenge},
  author={Rus, Vasile and Wyse, Brendan and Piwek, Paul and Lintean, Mihai and Stoyanchev, Svetlana and Moldovan, Cristian},
  booktitle={Proceedings of the 6th International Natural Language Generation Conference},
  pages={251--257},
  year={2010},
  organization={Association for Computational Linguistics}
}

@article{bengio2003neural,
  title={A neural probabilistic language model},
  author={Bengio, Yoshua and Ducharme, R{\'e}jean and Vincent, Pascal and Jauvin, Christian},
  journal={Journal of machine learning research},
  volume={3},
  number={Feb},
  pages={1137--1155},
  year={2003}
}

@inproceedings{bahdanau2015neural,
  title={Neural machine translation by jointly learning to align and translate},
  author={Bahdanau, Dzmitry and Cho, Kyunghyun and Bengio, Yoshua},
  booktitle={ICLR},
  year={2015}
}

@article{hochreiter1997long,
  title={Long short-term memory},
  author={Hochreiter, Sepp and Schmidhuber, J{\"u}rgen},
  journal={Neural computation},
  volume={9},
  number={8},
  pages={1735--1780},
  year={1997},
  publisher={MIT Press}
}

@article{lecun2015deep,
  title={Deep learning},
  author={LeCun, Yann and Bengio, Yoshua and Hinton, Geoffrey},
  journal={Nature},
  volume={521},
  number={7553},
  pages={436--444},
  year={2015},
  publisher={Nature Research}
}

@inproceedings{xu2015show,
  title={Show, attend and tell: Neural image caption generation with visual attention},
  author={Xu, Kelvin and Ba, Jimmy and Kiros, Ryan and Cho, Kyunghyun and Courville, Aaron and Salakhudinov, Ruslan and Zemel, Rich and Bengio, Yoshua},
  booktitle={International Conference on Machine Learning},
  pages={2048--2057},
  year={2015}
}

@inproceedings{iyyer2014neural,
  title={A Neural Network for Factoid Question Answering over Paragraphs.},
  author={Iyyer, Mohit and Boyd-Graber, Jordan L and Claudino, Leonardo Max Batista and Socher, Richard and Daum{\'e} III, Hal},
  booktitle={EMNLP},
  pages={633--644},
  year={2014}
}

@inproceedings{hermann2015teaching,
  title={Teaching machines to read and comprehend},
  author={Hermann, Karl Moritz and Kocisky, Tomas and Grefenstette, Edward and Espeholt, Lasse and Kay, Will and Suleyman, Mustafa and Blunsom, Phil},
  booktitle={Advances in Neural Information Processing Systems},
  pages={1693--1701},
  year={2015}
}

@inproceedings{mikolov2010recurrent,
  title={Recurrent neural network based language model.},
  author={Mikolov, Tomas},
  booktitle={Interspeech},
  year={2010}
}

@inproceedings{mikolov2013distributed,
  title={Distributed representations of words and phrases and their compositionality},
  author={Mikolov, Tomas and Sutskever, Ilya and Chen, Kai and Corrado, Greg S and Dean, Jeff},
  booktitle={Advances in neural information processing systems},
  pages={3111--3119},
  year={2013}
}

@inproceedings{williams2013dialog,
  title={The dialog state tracking challenge},
  author={Williams, Jason and Raux, Antoine and Ramachandran, Deepak and Black, Alan},
  booktitle={Proceedings of the SIGDIAL 2013 Conference},
  pages={404--413},
  year={2013}
}

@article{stolcke2000dialogue,
  title={Dialogue act modeling for automatic tagging and recognition of conversational speech},
  author={Stolcke, Andreas and Ries, Klaus and Coccaro, Noah and Shriberg, Elizabeth and Bates, Rebecca and Jurafsky, Daniel and Taylor, Paul and Martin, Rachel and Van Ess-Dykema, Carol and Meteer, Marie},
  journal={Computational linguistics},
  volume={26},
  number={3},
  pages={339--373},
  year={2000},
  publisher={MIT Press}
}

@article{bordes2016learning,
  title={Learning end-to-end goal-oriented dialog},
  author={Bordes, Antoine and Weston, Jason},
  journal={arXiv preprint arXiv:1605.07683},
  year={2016}
}

@article{pappu2014knowledge,
  title={Knowledge acquisition strategies for goal-oriented dialog systems},
  author={Pappu, Aasish K and Rudnicky, Alexander I},
  year={2014}
}

@article{hinton2012deep,
  title={Deep neural networks for acoustic modeling in speech recognition: The shared views of four research groups},
  author={Hinton, Geoffrey and Deng, Li and Yu, Dong and Dahl, George E and Mohamed, Abdel-rahman and Jaitly, Navdeep and Senior, Andrew and Vanhoucke, Vincent and Nguyen, Patrick and Sainath, Tara N and others},
  journal={IEEE Signal Processing Magazine},
  volume={29},
  number={6},
  pages={82--97},
  year={2012},
  publisher={IEEE}
}

@inproceedings{krizhevsky2012imagenet,
  title={Imagenet classification with deep convolutional neural networks},
  author={Krizhevsky, Alex and Sutskever, Ilya and Hinton, Geoffrey E},
  booktitle={Advances in neural information processing systems},
  pages={1097--1105},
  year={2012}
}

@article{bebis1994feed,
  title={Feed-forward neural networks},
  author={Bebis, George and Georgiopoulos, Michael},
  journal={IEEE Potentials},
  volume={13},
  number={4},
  pages={27--31},
  year={1994},
  publisher={IEEE}
}

@article{medsker2001recurrent,
  title={Recurrent neural networks},
  author={Medsker, LR and Jain, LC},
  journal={Design and Applications},
  volume={5},
  year={2001}
}

@book{searle1969speech,
  title={Speech acts: An essay in the philosophy of language},
  author={Searle, John R},
  volume={626},
  year={1969},
  publisher={Cambridge university press}
}

@article{clark1991grounding,
  title={Grounding in communication},
  author={Clark, Herbert H and Brennan, Susan E and others},
  journal={Perspectives on socially shared cognition},
  volume={13},
  number={1991},
  pages={127--149},
  year={1991}
}

@article{clark1982hearers,
  title={Hearers and speech acts},
  author={Clark, Herbert H and Carlson, Thomas B},
  journal={Language},
  pages={332--373},
  year={1982},
  publisher={JSTOR}
}

@article{clark1981definite,
  title={Definite reference and mutual knowledge},
  author={Clark, Herbert H},
  journal={Elements of discourse understanding},
  pages={10--63},
  year={1981},
  publisher={Cambridge University Press}
}

@article{grosz1986attention,
  title={Attention, intentions, and the structure of discourse},
  author={Grosz, Barbara J and Sidner, Candace L},
  journal={Computational linguistics},
  volume={12},
  number={3},
  pages={175--204},
  year={1986},
  publisher={MIT Press}
}

@article{graesser1994question,
  title={Question asking during tutoring},
  author={Graesser, Arthur C and Person, Natalie K},
  journal={American educational research journal},
  volume={31},
  number={1},
  pages={104--137},
  year={1994},
  publisher={Sage Publications}
}


@inproceedings{stoyanchev2014towards,
  title={Towards natural clarification questions in dialogue systems},
  author={Stoyanchev, Svetlana and Liu, Alex and Hirschberg, Julia},
  booktitle={AISB symposium on questions, discourse and dialogue},
  volume={20},
  year={2014}
}


@inproceedings{trott2016recognizing,
  title={Recognizing intention from natural language: clarification dialog and construction grammar},
  author={Trott, Sean and Eppe, Manfred and Feldman, Jerome},
  booktitle={Workshop on Communicating Intentions in Human--Robot Interaction},
  year={2016}
}

@inproceedings{coden2015did,
  title={Did you mean A or B? Supporting Clarification Dialog for Entity Disambiguation.},
  author={Coden, Anni and Gruhl, Daniel and Lewis, Neal and Mendes, Pablo N},
  booktitle={SumPre-HSWI@ ESWC},
  year={2015}
}

@article{allwood2000activity,
  title={An activity based approach to pragmatics},
  author={Allwood, Jens},
  journal={Abduction, belief and context in dialogue: Studies in computational pragmatics},
  pages={47--80},
  year={2000},
  publisher={Amsterdam, John Benjamins}
}

@article{clark1996using,
  title={Using language. 1996},
  author={Clark, Herbert H},
  journal={Cambridge University Press: Cambridge},
  volume={952},
  pages={274--296},
  year={1996}
}

@article{graesser1992mechanisms,
  title={Mechanisms that generate questions},
  author={Graesser, Arthur C and Person, Natalie and Huber, John},
  journal={Questions and information systems},
  pages={167--187},
  year={1992}
}

@article{rosenshine1996teaching,
  title={Teaching students to generate questions: A review of the intervention studies},
  author={Rosenshine, Barak and Meister, Carla and Chapman, Saul},
  journal={Review of educational research},
  volume={66},
  number={2},
  pages={181--221},
  year={1996},
  publisher={Sage Publications Sage CA: Thousand Oaks, CA}
}

@inproceedings{mcauley2016addressing,
  title={Addressing complex and subjective product-related queries with customer reviews},
  author={McAuley, Julian and Yang, Alex},
  booktitle={Proceedings of the 25th International Conference on World Wide Web},
  pages={625--635},
  year={2016},
  organization={International World Wide Web Conferences Steering Committee}
}

@inproceedings{mcauley2015image,
  title={Image-based recommendations on styles and substitutes},
  author={McAuley, Julian and Targett, Christopher and Shi, Qinfeng and Van Den Hengel, Anton},
  booktitle={Proceedings of the 38th International ACM SIGIR Conference on Research and Development in Information Retrieval},
  pages={43--52},
  year={2015},
  organization={ACM}
}

@inproceedings{santos2014learning,
  title={Learning character-level representations for part-of-speech tagging},
  author={Santos, Cicero D and Zadrozny, Bianca},
  booktitle={Proceedings of the 31st International Conference on Machine Learning (ICML-14)},
  pages={1818--1826},
  year={2014}
}

@inproceedings{chen2014fast,
  title={A fast and accurate dependency parser using neural networks},
  author={Chen, Danqi and Manning, Christopher},
  booktitle={Proceedings of the 2014 conference on empirical methods in natural language processing (EMNLP)},
  pages={740--750},
  year={2014}
}

@inproceedings{glorot2011domain,
  title={Domain adaptation for large-scale sentiment classification: A deep learning approach},
  author={Glorot, Xavier and Bordes, Antoine and Bengio, Yoshua},
  booktitle={Proceedings of the 28th international conference on machine learning (ICML-11)},
  pages={513--520},
  year={2011}
}

@inproceedings{goodfellow2014generative,
  title={Generative adversarial nets},
  author={Goodfellow, Ian and Pouget-Abadie, Jean and Mirza, Mehdi and Xu, Bing and Warde-Farley, David and Ozair, Sherjil and Courville, Aaron and Bengio, Yoshua},
  booktitle={Advances in Neural Information Processing Systems},
  pages={2672--2680},
  year={2014}
}

@inproceedings{yu2017seqgan,
  title={Seq{GAN}: Sequence Generative Adversarial Nets with Policy Gradient.},
  author={Yu, Lantao and Zhang, Weinan and Wang, Jun and Yu, Yong},
  booktitle={arxiv},
  year={2017}
}

@inproceedings{serban2016building,
  title={Building End-To-End Dialogue Systems Using Generative Hierarchical Neural Network Models.},
  author={Serban, Iulian Vlad and Sordoni, Alessandro and Bengio, Yoshua and Courville, Aaron C and Pineau, Joelle},
  booktitle={AAAI},
  volume={16},
  pages={3776--3784},
  year={2016}
}

@inproceedings{du2017learning,
  title={Learning to Ask: Neural Question Generation for Reading Comprehension},
  author={Du, Xinya and Shao, Junru and Cardie, Claire},
  booktitle={Proceedings of the 55th Annual Meeting of the Association for Computational Linguistics (Volume 1: Long Papers)},
  volume={1},
  pages={1342--1352},
  year={2017}
}

@inproceedings{li2016deep,
  title={Deep Reinforcement Learning for Dialogue Generation},
  author={Li, Jiwei and Monroe, Will and Ritter, Alan and Jurafsky, Dan and Galley, Michel and Gao, Jianfeng},
  booktitle={Proceedings of the 2016 Conference on Empirical Methods in Natural Language Processing},
  pages={1192--1202},
  year={2016}
}

@inproceedings{RaoT18,
	author    = {Sudha Rao and
	Joel Tetreault},
	title     = {{Dear Sir or Madam, May I introduce the GYAFC Dataset: Corpus, Benchmarks and Metrics for Formality Style Transfer}},
	booktitle = {{HLT-NAACL}},
	publisher = {The Association for Computational Linguistics},
	year      = {2018}
}

@inproceedings{niu2018multi,
  title={Multi-Task Neural Models for Translating Between Styles Within and Across Languages},
  author={Niu, Xing and Rao, Sudha and Carpuat, Marine},
  booktitle={Proceedings of the 27th International Conference on Computational Linguistics},
  pages={1008--1021},
  year={2018}
}

@article{xu2012paraphrasing,
  title={Paraphrasing for style},
  author={Xu, Wei and Ritter, Alan and Dolan, Bill and Grishman, Ralph and Cherry, Colin},
  journal={Proceedings of COLING 2012},
  pages={2899--2914},
  year={2012}
}

@inproceedings{jhamtani2017shakespearizing,
  title={Shakespearizing Modern Language Using Copy-Enriched Sequence to Sequence Models},
  author={Jhamtani, Harsh and Gangal, Varun and Hovy, Eduard and Nyberg, Eric},
  booktitle={Proceedings of the Workshop on Stylistic Variation},
  pages={10--19},
  year={2017}
}

@inproceedings{niu2017study,
  title={A study of style in machine translation: Controlling the formality of machine translation output},
  author={Niu, Xing and Martindale, Marianna and Carpuat, Marine},
  booktitle={Proceedings of the 2017 Conference on Empirical Methods in Natural Language Processing},
  pages={2814--2819},
  year={2017}
}

@inproceedings{sennrich2016controlling,
  title={Controlling politeness in neural machine translation via side constraints},
  author={Sennrich, Rico and Haddow, Barry and Birch, Alexandra},
  booktitle={Proceedings of the 2016 Conference of the North American Chapter of the Association for Computational Linguistics: Human Language Technologies},
  pages={35--40},
  year={2016}
}

@inproceedings{yamagishi2016controlling,
  title={Controlling the voice of a sentence in Japanese-to-English neural machine translation},
  author={Yamagishi, Hayahide and Kanouchi, Shin and Sato, Takayuki and Komachi, Mamoru},
  booktitle={Proceedings of the 3rd Workshop on Asian Translation (WAT2016)},
  pages={203--210},
  year={2016}
}

@article{johnson2017google,
  title={Google's Multilingual Neural Machine Translation System: Enabling Zero-Shot Translation},
  author={Johnson, Melvin and Schuster, Mike and Le, Quoc V and Krikun, Maxim and Wu, Yonghui and Chen, Zhifeng and Thorat, Nikhil and Vi{\'e}gas, Fernanda and Wattenberg, Martin and Corrado, Greg and others},
  journal={Transactions of the Association of Computational Linguistics},
  volume={5},
  number={1},
  pages={339--351},
  year={2017}
}

@inproceedings{louis2011automatic,
  title={Automatic identification of general and specific sentences by leveraging discourse annotations},
  author={Louis, Annie and Nenkova, Ani},
  booktitle={Proceedings of 5th International Joint Conference on Natural Language Processing},
  pages={605--613},
  year={2011}
}

@inproceedings{hu2017toward,
  title={Toward Controlled Generation of Text},
  author={Hu, Zhiting and Yang, Zichao and Liang, Xiaodan and Salakhutdinov, Ruslan and Xing, Eric P},
  booktitle={International Conference on Machine Learning},
  pages={1587--1596},
  year={2017}
}

@article{ficler2017controlling,
  title={Controlling Linguistic Style Aspects in Neural Language Generation},
  author={Ficler, Jessica and Goldberg, Yoav},
  journal={Proceedings of the Workshop on Stylistic Variation, EMNLP 2017},
  year={2017}
}

@article{avriel1970value,
  title={The value of information and stochastic programming},
  author={Avriel, Mordecai and Williams, AC},
  journal={Operations Research},
  volume={18},
  number={5},
  pages={947--954},
  year={1970},
  publisher={INFORMS}
}

@article{bandler1975structure,
  title={Structure of Magic: A Book about Language \& Therapy, Science and Behaviour Books},
  author={Bandler, Richard and Grinder, John},
  journal={Palo Alto, CA},
  year={1975}
}

@book{o2011introducing,
  title={Introducing NLP: Psychological skills for understanding and influencing people},
  author={O'Connor, Joseph and Seymour, John},
  year={2011},
  publisher={Conari Press}
}

@book{robertson2009probabilistic,
  title={The probabilistic relevance framework: BM25 and beyond},
  author={Robertson, Stephen and Zaragoza, Hugo},
  year={2009},
  publisher={Now Publishers Inc}
}

@article{kannan2017adversarial,
  title={Adversarial evaluation of dialogue models},
  author={Kannan, Anjuli and Vinyals, Oriol},
  journal={arXiv preprint arXiv:1701.08198},
  year={2017}
}

@inproceedings{nair2010rectified,
  title={Rectified linear units improve restricted boltzmann machines},
  author={Nair, Vinod and Hinton, Geoffrey E},
  booktitle={Proceedings of the 27th international conference on machine learning (ICML-10)},
  pages={807--814},
  year={2010}
}

@article{mikolov2013efficient,
  title={Efficient estimation of word representations in vector space},
  author={Mikolov, Tomas and Chen, Kai and Corrado, Greg and Dean, Jeffrey},
  journal={arXiv preprint arXiv:1301.3781},
  year={2013}
}


@inproceedings{ravichandran2002learning,
  title={Learning surface text patterns for a question answering system},
  author={Ravichandran, Deepak and Hovy, Eduard},
  booktitle={Proceedings of the 40th annual meeting on association for computational linguistics},
  pages={41--47},
  year={2002},
  organization={Association for Computational Linguistics}
}

@inproceedings{riloff1996automatically,
  title={Automatically generating extraction patterns from untagged text},
  author={Riloff, Ellen},
  booktitle={Proceedings of the national conference on artificial intelligence},
  pages={1044--1049},
  year={1996}
}

@inproceedings{nakov2017semeval,
  title={SemEval-2017 task 3: Community question answering},
  author={Nakov, Preslav and Hoogeveen, Doris and M{\`a}rquez, Llu{\'\i}s and Moschitti, Alessandro and Mubarak, Hamdy and Baldwin, Timothy and Verspoor, Karin},
  booktitle={Proceedings of the 11th International Workshop on Semantic Evaluation (SemEval-2017)},
  pages={27--48},
  year={2017}
}

@inproceedings{hoogeveen2015cqadupstack,
  title={CQADupStack: A benchmark data set for community question-answering research},
  author={Hoogeveen, Doris and Verspoor, Karin M and Baldwin, Timothy},
  booktitle={Proceedings of the 20th Australasian Document Computing Symposium},
  pages={3},
  year={2015},
  organization={ACM}
}

@inproceedings{sen2017improving,
  title={Improving Similar Question Retrieval using a Novel Tripartite Neural Network based Approach},
  author={Sen, Anirban and Sinha, Manjira and Mannarswamy, Sandya},
  booktitle={Proceedings of the 9th Annual Meeting of the Forum for Information Retrieval Evaluation},
  pages={1--5},
  year={2017},
  organization={ACM}
}

@inproceedings{nandi2017iit,
  title={IIT-UHH at SemEval-2017 task 3: Exploring multiple features for community question answering and implicit dialogue identification},
  author={Nandi, Titas and Biemann, Chris and Yimam, Seid Muhie and Gupta, Deepak and Kohail, Sarah and Ekbal, Asif and Bhattacharyya, Pushpak},
  booktitle={Proceedings of the 11th International Workshop on Semantic Evaluation (SemEval-2017)},
  pages={90--97},
  year={2017}
}

@inproceedings{zheng2011k2q,
  title={K2q: Generating natural language questions from keywords with user refinements},
  author={Zheng, Zhicheng and Si, Xiance and Chang, Edward and Zhu, Xiaoyan},
  booktitle={Proceedings of 5th International Joint Conference on Natural Language Processing},
  pages={947--955},
  year={2011}
}

@inproceedings{figueroa2013learning,
  title={Learning to Rank Effective Paraphrases from Query Logs for Community Question Answering.},
  author={Figueroa, Alejandro and Neumann, G{\"u}nter},
  booktitle={AAAI},
  volume={13},
  pages={1099--1105},
  year={2013}
}

@inproceedings{romeo2016neural,
  title={Neural attention for learning to rank questions in community question answering},
  author={Romeo, Salvatore and Da San Martino, Giovanni and Barr{\'o}n-Cedeno, Alberto and Moschitti, Alessandro and Belinkov, Yonatan and Hsu, Wei-Ning and Zhang, Yu and Mohtarami, Mitra and Glass, James},
  booktitle={Proceedings of COLING 2016, the 26th International Conference on Computational Linguistics: Technical Papers},
  pages={1734--1745},
  year={2016}
}


@inproceedings{graesser2008question,
  title={Question classification schemes},
  author={Graesser, Art and Rus, Vasile and Cai, Zhiqiang},
  booktitle={Proc. of the Workshop on Question Generation},
  year={2008}
}


@inproceedings{nallapati2016abstractive,
  title={Abstractive Text Summarization using Sequence-to-sequence RNNs and Beyond},
  author={Nallapati, Ramesh and Zhou, Bowen and dos Santos, Cicero and Gulcehre, Caglar and Xiang, Bing},
  booktitle={Proceedings of The 20th SIGNLL Conference on Computational Natural Language Learning},
  pages={280--290},
  year={2016}
}

@inproceedings{wan2016modeling,
  title={Modeling ambiguity, subjectivity, and diverging viewpoints in opinion question answering systems},
  author={Wan, Mengting and McAuley, Julian},
  booktitle={Data Mining (ICDM), 2016 IEEE 16th International Conference on},
  pages={489--498},
  year={2016},
  organization={IEEE}
}

@inproceedings{rao2018learning,
  title={Learning to Ask Good Questions: Ranking Clarification Questions using Neural Expected Value of Perfect Information},
  author={Rao, Sudha and Daum{\'e} III, Hal},
  booktitle={Proceedings of the 56th Annual Meeting of the Association for Computational Linguistics (Volume 1: Long Papers)},
  volume={1},
  year={2018}
}

@inproceedings{mostafazadeh2017image,
  title={Image-Grounded Conversations: Multimodal Context for Natural Question and Response Generation},
  author={Mostafazadeh, Nasrin and Brockett, Chris and Dolan, Bill and Galley, Michel and Gao, Jianfeng and Spithourakis, Georgios and Vanderwende, Lucy},
  booktitle={Proceedings of the Eighth International Joint Conference on Natural Language Processing (Volume 1: Long Papers)},
  volume={1},
  pages={462--472},
  year={2017}
}

@article{guu2017generating,
  title={Generating Sentences by Editing Prototypes},
  author={Guu, Kelvin and Hashimoto, Tatsunori B and Oren, Yonatan and Liang, Percy},
  journal={arXiv preprint arXiv:1709.08878},
  year={2017}
}

@article{buck2017ask,
  title={Ask the right questions: Active question reformulation with reinforcement learning},
  author={Buck, Christian and Bulian, Jannis and Ciaramita, Massimiliano and Gesmundo, Andrea and Houlsby, Neil and Gajewski, Wojciech and Wang, Wei},
  journal={arXiv preprint arXiv:1705.07830},
  year={2017}
}


@inproceedings{banerjee2005meteor,
  title={METEOR: An automatic metric for MT evaluation with improved correlation with human judgments},
  author={Banerjee, Satanjeev and Lavie, Alon},
  booktitle={Proceedings of the acl workshop on intrinsic and extrinsic evaluation measures for machine translation and/or summarization},
  pages={65--72},
  year={2005}
}

@inproceedings{duan2017question,
  title={Question generation for question answering},
  author={Duan, Nan and Tang, Duyu and Chen, Peng and Zhou, Ming},
  booktitle={Proceedings of the 2017 Conference on Empirical Methods in Natural Language Processing},
  pages={866--874},
  year={2017}
}

@article{gu2017search,
  title={Search Engine Guided Non-Parametric Neural Machine Translation},
  author={Gu, Jiatao and Wang, Yong and Cho, Kyunghyun and Li, Victor OK},
  journal={arXiv preprint arXiv:1705.07267},
  year={2017}
}

@inproceedings{BahdanauCB15,
	author    = {Dzmitry Bahdanau and
	Kyunghyun Cho and
	Yoshua Bengio},
	title     = {Neural Machine Translation by Jointly Learning to Align and Translate},
	booktitle = {{ICLR}},
	year      = {2015}
}


@inproceedings{ureel2005question,
  title={L., et al.: Question generation for learning by reading},
  author={Ureel, II and Forbus, K and Riesbeck, Chris and Birnbaum, Larry},
  booktitle={Proceedings of the AAAI Workshop on Inference for Textual Question Answering, Pittsburgh},
  pages={22--26},
  year={2005}
}

@inproceedings{li2016persona,
  title={A Persona-Based Neural Conversation Model},
  author={Li, Jiwei and Galley, Michel and Brockett, Chris and Spithourakis, Georgios and Gao, Jianfeng and Dolan, Bill},
  booktitle={Proceedings of the 54th Annual Meeting of the Association for Computational Linguistics (Volume 1: Long Papers)},
  volume={1},
  pages={994--1003},
  year={2016}
}

@inproceedings{serban2017hierarchical,
  title={A Hierarchical Latent Variable Encoder-Decoder Model for Generating Dialogues.},
  author={Serban, Iulian Vlad and Sordoni, Alessandro and Lowe, Ryan and Charlin, Laurent and Pineau, Joelle and Courville, Aaron C and Bengio, Yoshua},
  booktitle={AAAI},
  pages={3295--3301},
  year={2017}
}


@inproceedings{kabbara2016stylistic,
  title={Stylistic transfer in natural language generation systems using recurrent neural networks},
  author={Kabbara, Jad and Cheung, Jackie Chi Kit},
  booktitle={Proceedings of the Workshop on Uphill Battles in Language Processing: Scaling Early Achievements to Robust Methods},
  pages={43--47},
  year={2016}
}

@article{ranzato2015sequence,
  title={Sequence level training with recurrent neural networks},
  author={Ranzato, Marc'Aurelio and Chopra, Sumit and Auli, Michael and Zaremba, Wojciech},
  journal={arXiv preprint arXiv:1511.06732},
  year={2015}
}

@article{williams1992simple,
  title={Simple statistical gradient-following algorithms for connectionist reinforcement learning},
  author={Williams, Ronald J},
  journal={Machine learning},
  volume={8},
  number={3-4},
  pages={229--256},
  year={1992},
  publisher={Springer}
}

@inproceedings{rennie2017self,
  title={Self-critical sequence training for image captioning},
  author={Rennie, Steven J and Marcheret, Etienne and Mroueh, Youssef and Ross, Jarret and Goel, Vaibhava},
  booktitle={CVPR},
  volume={1},
  number={2},
  pages={3},
  year={2017}
}

@inproceedings{denton2015deep,
  title={Deep generative image models using a {L}aplacian pyramid of adversarial networks},
  author={Denton, Emily L and Chintala, Soumith and Szlam, Arthur and Fergus, Rob},
  booktitle={Advances in Neural Information Processing Systems},
  pages={1486--1494},
  year={2015}
}


@article{fedus2018maskgan,
  title={Mask{GAN}: Better text generation via filling in the \_},
  author={Fedus, William and Goodfellow, Ian and Dai, Andrew M},
  journal={arXiv preprint arXiv:1801.07736},
  year={2018}
}

@inproceedings{li2017adversarial,
  title={Adversarial Learning for Neural Dialogue Generation},
  author={Li, Jiwei and Monroe, Will and Shi, Tianlin and Jean, S{\.e}bastien and Ritter, Alan and Jurafsky, Dan},
  booktitle={Proceedings of the 2017 Conference on Empirical Methods in Natural Language Processing},
  pages={2157--2169},
  year={2017}
}

@article{bahdanau2016actor,
  title={An Actor-Critic Algorithm for Sequence Prediction},
  author={Bahdanau, Dzmitry and Brakel, Philemon and Xu, Kelvin and Goyal, Anirudh and Lowe, Ryan and Pineau, Joelle and Courville, Aaron and Bengio, Yoshua},
  year={2016}
}

@inproceedings{lowe2016evaluation,
author = {Ryan Lowe and Iulian V. Serban and Mike Noseworthy and Laurent Charlin and Joelle Pineau},
title =  {On the Evaluation of Dialogue Systems with Next Utterance Classification},
booktitle = {SIGDIAL},
year = {2016}
}

@inproceedings{resnik1995using,
  title={Using information content to evaluate semantic similarity in a taxonomy},
  author={Resnik, Philip},
  booktitle={Proceedings of the 14th international joint conference on Artificial intelligence-Volume 1},
  pages={448--453},
  year={1995},
  organization={Morgan Kaufmann Publishers Inc.}
}

@article{miller1990introduction,
  title={Introduction to WordNet: An on-line lexical database},
  author={Miller, George A and Beckwith, Richard and Fellbaum, Christiane and Gross, Derek and Miller, Katherine J},
  journal={International journal of lexicography},
  volume={3},
  number={4},
  pages={235--244},
  year={1990},
  publisher={Oxford University Press}
}

@inproceedings{brooke2010automatic,
  title={Automatic acquisition of lexical formality},
  author={Brooke, Julian and Wang, Tong and Hirst, Graeme},
  booktitle={Proceedings of the 23rd International Conference on Computational Linguistics: Posters},
  pages={90--98},
  year={2010},
  organization={Association for Computational Linguistics}
}

@inproceedings{lahiri2011informality,
  title={Informality judgment at sentence level and experiments with formality score},
  author={Lahiri, Shibamouli and Mitra, Prasenjit and Lu, Xiaofei},
  booktitle={International Conference on Intelligent Text Processing and Computational Linguistics},
  pages={446--457},
  year={2011},
  organization={Springer}
}

@inproceedings{brooke2014supervised,
  title={Supervised Ranking of Co-occurrence Profiles for Acquisition of Continuous Lexical Attributes.},
  author={Brooke, Julian and Hirst, Graeme},
  booktitle={COLING},
  pages={2172--2183},
  year={2014}
}

@inproceedings{pavlick2015inducing,
  title={Inducing Lexical Style Properties for Paraphrase and Genre Differentiation.},
  author={Pavlick, Ellie and Nenkova, Ani},
  booktitle={HLT-NAACL},
  pages={218--224},
  year={2015}
}

@article{pavlick2016empirical,
  title={An empirical analysis of formality in online communication},
  author={Pavlick, Ellie and Tetreault, Joel},
  journal={Transactions of the Association for Computational Linguistics},
  volume={4},
  pages={61--74},
  year={2016}
}


@inproceedings{sheikha2010automatic,
  title={Automatic classification of documents by formality},
  author={Sheikha, Fadi Abu and Inkpen, Diana},
  booktitle={Natural Language Processing and Knowledge Engineering (NLP-KE), 2010 International Conference on},
  pages={1--5},
  year={2010},
  organization={IEEE}
}

@inproceedings{sheikha2011generation,
  title={Generation of formal and informal sentences},
  author={Sheikha, Fadi Abu and Inkpen, Diana},
  booktitle={Proceedings of the 13th European Workshop on Natural Language Generation},
  pages={187--193},
  year={2011},
  organization={Association for Computational Linguistics}
}

@inproceedings{peterson2011email,
  title={Email formality in the workplace: A case study on the Enron corpus},
  author={Peterson, Kelly and Hohensee, Matt and Xia, Fei},
  booktitle={Proceedings of the Workshop on Languages in Social Media},
  pages={86--95},
  year={2011},
  organization={Association for Computational Linguistics}
}

@inproceedings{mosquera2012smile,
  title={Smile: An informality classification tool for helping to assess quality and credibility in web 2.0 texts},
  author={Mosquera, Alejandro and Moreda, Paloma},
  booktitle={Proceedings of the ICWSM workshop: Real-Time Analysis and Mining of Social Streams (RAMSS)},
  year={2012}
}

@article{markowitz2016linguistic,
  title={Linguistic obfuscation in fraudulent science},
  author={Markowitz, David M and Hancock, Jeffrey T},
  journal={Journal of Language and Social Psychology},
  volume={35},
  number={4},
  pages={435--445},
  year={2016},
  publisher={SAGE Publications Sage CA: Los Angeles, CA}
}

@inproceedings{feng2012syntactic,
  title={Syntactic stylometry for deception detection},
  author={Feng, Song and Banerjee, Ritwik and Choi, Yejin},
  booktitle={Proceedings of the 50th Annual Meeting of the Association for Computational Linguistics: Short Papers-Volume 2},
  pages={171--175},
  year={2012},
  organization={Association for Computational Linguistics}
}

@inproceedings{danescu2013computational,
  title={A computational approach to politeness with application to social factors},
  author={Danescu-Niculescu-Mizil, Cristian and Sudhof, Moritz and Jurafsky, Dan and Leskovec, Jure and Potts, Christopher},
  booktitle={Proceedings of the 51st Annual Meeting of the Association for Computational Linguistics (Volume 1: Long Papers)},
  volume={1},
  pages={250--259},
  year={2013}
}

@inproceedings{reiter2010identifying,
  title={Identifying generic noun phrases},
  author={Reiter, Nils and Frank, Anette},
  booktitle={Proceedings of the 48th Annual Meeting of the Association for Computational Linguistics},
  pages={40--49},
  year={2010},
  organization={Association for Computational Linguistics}
}

@inproceedings{serban2016generating,
  title={Generating Factoid Questions With Recurrent Neural Networks: The 30M Factoid Question-Answer Corpus},
  author={Serban, Iulian Vlad and Garc{\'\i}a-Dur{\'a}n, Alberto and Gulcehre, Caglar and Ahn, Sungjin and Chandar, Sarath and Courville, Aaron and Bengio, Yoshua},
  booktitle={Proceedings of the 54th Annual Meeting of the Association for Computational Linguistics (Volume 1: Long Papers)},
  volume={1},
  pages={588--598},
  year={2016}
}

@phdthesis{mathew2009supervised,
  title={Supervised categorization of habitual versus episodic sentences},
  author={Mathew, Thomas A},
  year={2009},
  school={Georgetown University}
}

@article{pennebaker2001linguistic,
  title={Linguistic inquiry and word count: LIWC 2001},
  author={Pennebaker, James W}
}

@article{boyer2010proceedings,
  title={Proceedings of QG2010: The Third Workshop on Question Generation},
  author={Boyer, Kristy Elizabeth and Piwek, Paul},
  year={2010},
  publisher={questiongeneration. org}
}

@inproceedings{kalady2010natural,
  title={Natural language question generation using syntax and keywords},
  author={Kalady, Saidalavi and Elikkottil, Ajeesh and Das, Rajarshi},
  booktitle={Proceedings of QG2010: The Third Workshop on Question Generation},
  volume={2},
  year={2010},
  organization={questiongeneration. org}
}

@inproceedings{ali2010automation,
  title={Automation of question generation from sentences},
  author={Ali, Husam and Chali, Yllias and Hasan, Sadid A},
  booktitle={Proceedings of QG2010: The Third Workshop on Question Generation},
  pages={58--67},
  year={2010}
}

@inproceedings{yuan2017machine,
  title={Machine Comprehension by Text-to-Text Neural Question Generation},
  author={Yuan, Xingdi and Wang, Tong and Gulcehre, Caglar and Sordoni, Alessandro and Bachman, Philip and Zhang, Saizheng and Subramanian, Sandeep and Trischler, Adam},
  booktitle={Proceedings of the 2nd Workshop on Representation Learning for NLP},
  pages={15--25},
  year={2017}
}

@inproceedings{li2018visual,
  title={Visual question generation as dual task of visual question answering},
  author={Li, Yikang and Duan, Nan and Zhou, Bolei and Chu, Xiao and Ouyang, Wanli and Wang, Xiaogang and Zhou, Ming},
  booktitle={Proceedings of the IEEE Conference on Computer Vision and Pattern Recognition},
  pages={6116--6124},
  year={2018}
}

@inproceedings{tang2018learning,
  title={Learning to Collaborate for Question Answering and Asking},
  author={Tang, Duyu and Duan, Nan and Yan, Zhao and Zhang, Zhirui and Sun, Yibo and Liu, Shujie and Lv, Yuanhua and Zhou, Ming},
  booktitle={Proceedings of the 2018 Conference of the North American Chapter of the Association for Computational Linguistics: Human Language Technologies, Volume 1 (Long Papers)},
  volume={1},
  pages={1564--1574},
  year={2018}
}

@inproceedings{sachan2018self,
  title={Self-Training for Jointly Learning to Ask and Answer Questions},
  author={Sachan, Mrinmaya and Xing, Eric},
  booktitle={Proceedings of the 2018 Conference of the North American Chapter of the Association for Computational Linguistics: Human Language Technologies, Volume 1 (Long Papers)},
  volume={1},
  pages={629--640},
  year={2018}
}

@inproceedings{wubben2012sentence,
  title={Sentence simplification by monolingual machine translation},
  author={Wubben, Sander and Van Den Bosch, Antal and Krahmer, Emiel},
  booktitle={Proceedings of the 50th Annual Meeting of the Association for Computational Linguistics: Long Papers-Volume 1},
  pages={1015--1024},
  year={2012},
  organization={Association for Computational Linguistics}
}

@inproceedings{wang2016text,
  title={Text Simplification Using Neural Machine Translation.},
  author={Wang, Tong and Chen, Ping and Rochford, John and Qiang, Jipeng},
  booktitle={AAAI},
  pages={4270--4271},
  year={2016}
}

@article{xu2016optimizing,
  title={Optimizing statistical machine translation for text simplification},
  author={Xu, Wei and Napoles, Courtney and Pavlick, Ellie and Chen, Quanze and Callison-Burch, Chris},
  journal={Transactions of the Association for Computational Linguistics},
  volume={4},
  pages={401--415},
  year={2016}
}

@inproceedings{kajiwara2016building,
  title={Building a monolingual parallel corpus for text simplification using sentence similarity based on alignment between word embeddings},
  author={Kajiwara, Tomoyuki and Komachi, Mamoru},
  booktitle={Proceedings of COLING 2016, the 26th International Conference on Computational Linguistics: Technical Papers},
  pages={1147--1158},
  year={2016}
}

@inproceedings{SennrichHB16b,
	author    = {Rico Sennrich and
	Barry Haddow and
	Alexandra Birch},
	title     = {Controlling Politeness in Neural Machine Translation via Side Constraints},
	booktitle = {{HLT-NAACL}},
	pages     = {35--40},
	year      = {2016}
}

@article{JohnsonSLKWCTVW17,
	author    = {Melvin Johnson and
	Mike Schuster and
	Quoc V. Le and
	Maxim Krikun and
	Yonghui Wu and
	Zhifeng Chen and
	Nikhil Thorat and
	Fernanda B. Vi{\'{e}}gas and
	Martin Wattenberg and
	Greg Corrado and
	Macduff Hughes and
	Jeffrey Dean},
	title     = {Google's Multilingual Neural Machine Translation System: Enabling
	Zero-Shot Translation},
	journal   = {{TACL}},
	volume    = {5},
	pages     = {339--351},
	year      = {2017}
}

@inproceedings{NiuDC18,
	author    = {Xing Niu and
	             Michael Denkowski and
	             Marine Carpuat},
	title     = {Bi-Directional Neural Machine Translation with Synthetic Parallel Data},
	booktitle = {NMT@ACL},
	year      = {2018}
}

@inproceedings{KobusCS17,
	author    = {Catherine Kobus and
	Josep Maria Crego and
	Jean Senellart},
	title     = {Domain Control for Neural Machine Translation},
	booktitle = {{RANLP}},
	pages     = {372--378},
	year      = {2017}
}

@inproceedings{ChuDK17,
	author    = {Chenhui Chu and
	Raj Dabre and
	Sadao Kurohashi},
	title     = {An Empirical Comparison of Domain Adaptation Methods for Neural Machine
	Translation},
	booktitle = {{ACL}},
	pages     = {385--391},
	year      = {2017}
}

@inproceedings{MimaFI97,
	author    = {Hideki Mima and
	Osamu Furuse and
	Hitoshi Iida},
	title     = {Improving Performance of Transfer-Driven Machine Translation with
	Extra-Linguistic Informatioon from Context, Situation and Environment},
	booktitle = {{IJCAI} {(2)}},
	pages     = {983--989},
	year      = {1997}
}

@inproceedings{LewisFX15,
	title     = {Applying cross-entropy difference for selecting parallel training data from publicly available sources for conversational machine translation},
	author    = {Lewis, Will and Federmann, Christian and Xin, Ying},
	booktitle = {{IWSLT}},
	year={2015}
}

@inproceedings{NiuC16,
	title     = {{The UMD Machine Translation Systems at IWSLT 2016: English-to-French Translation of Speech Transcripts}},
	author    = {Xing Niu and Marine Carpuat},
	booktitle = {{IWSLT}},
	year={2016}
}

@inproceedings{WintnerMSRP17,
  author    = {Shuly Wintner and
               Shachar Mirkin and
               Lucia Specia and
               Ella Rabinovich and
               Raj Nath Patel},
  title     = {Personalized Machine Translation: Preserving Original Author Traits},
  booktitle = {{EACL}},
  pages     = {1074--1084},
  year      = {2017}
}

@inproceedings{MichelN18,
	author    = {Paul Michel and
	             Graham Neubig},
	title     = {Extreme Adaptation for Personalized Neural Machine Translation},
	booktitle = {{ACL}},
	year      = {2018}
}

@book{goodfellow2016deep,
  title={Deep learning},
  author={Goodfellow, Ian and Bengio, Yoshua and Courville, Aaron and Bengio, Yoshua},
  volume={1},
  year={2016},
  publisher={MIT press Cambridge}
}

@article{koppel2002automatically,
  title={Automatically categorizing written texts by author gender},
  author={Koppel, Moshe and Argamon, Shlomo and Shimoni, Anat Rachel},
  journal={Literary and Linguistic Computing},
  volume={17},
  number={4},
  pages={401--412},
  year={2002},
  publisher={Oxford University Press}
}

@article{koppel2009computational,
  title={Computational methods in authorship attribution},
  author={Koppel, Moshe and Schler, Jonathan and Argamon, Shlomo},
  journal={Journal of the American Society for information Science and Technology},
  volume={60},
  number={1},
  pages={9--26},
  year={2009},
  publisher={Wiley Online Library}
}

@article{koppel2011authorship,
  title={Authorship attribution in the wild},
  author={Koppel, Moshe and Schler, Jonathan and Argamon, Shlomo},
  journal={Language Resources and Evaluation},
  volume={45},
  number={1},
  pages={83--94},
  year={2011},
  publisher={Springer}
}